<record><leader>00000cas a22000007a 4500</leader><controlfield tag="001">17967979</controlfield><controlfield tag="008">880518d190419uunyudn ne      0    0eng d</controlfield><datafield ind1=" " ind2=" " tag="010"><subfield code="a">sn 88074373 </subfield></datafield><datafield ind1=" " ind2=" " tag="040"><subfield code="a">NYS</subfield><subfield code="b">eng</subfield><subfield code="c">NYS</subfield><subfield code="d">OCLCQ</subfield></datafield><datafield ind1=" " ind2=" " tag="042"><subfield code="a">msc</subfield></datafield><datafield ind1="0" ind2="0" tag="245"><subfield code="a">Hudson Valley times.</subfield></datafield><datafield ind1="3" ind2="0" tag="246"><subfield code="a">New daily Hudson Valley times</subfield></datafield><datafield ind1="1" ind2="3" tag="246"><subfield code="a">Daily Hudson Valley times</subfield><subfield code="f">1920</subfield></datafield><datafield ind1=" " ind2=" " tag="260"><subfield code="a">Stillwater, N.Y. :</subfield><subfield code="b">Frank B. Tucker</subfield></datafield><datafield ind1=" " ind2=" " tag="300"><subfield code="a">v.</subfield></datafield><datafield ind1=" " ind2=" " tag="310"><subfield code="a">Daily (except Sunday),</subfield><subfield code="b">Apr. 5, 1920-</subfield></datafield><datafield ind1=" " ind2=" " tag="321"><subfield code="a">Weekly,</subfield><subfield code="b">1904-Apr. 1, 1920</subfield></datafield><datafield ind1="0" ind2=" " tag="362"><subfield code="a">Vol. 12, no. 38 (Feb. 25, 1904)-</subfield></datafield><datafield ind1=" " ind2=" " tag="500"><subfield code="a">Published in: Mechanicville, N.Y., Aug. 11, 1904-&lt;1920&gt;.</subfield></datafield><datafield ind1=" " ind2=" " tag="500"><subfield code="a">Publishers: Frank B. Tucker, 1904- ; C.L. Humphrey, &lt;1907&gt;; Huson Valley Times Co., Inc., &lt;1920&gt;.</subfield></datafield><datafield ind1=" " ind2=" " tag="500"><subfield code="a">"Mechanicville" and "Stillwater" eds. published with same content, Mar. 31-&lt;June 30&gt;, 1904.</subfield></datafield><datafield ind1=" " ind2="4" tag="651"><subfield code="a">Mechanicville (N.Y.)</subfield><subfield code="v">Newspapers.</subfield></datafield><datafield ind1=" " ind2="4" tag="651"><subfield code="a">Stillwater (N.Y.)</subfield><subfield code="v">Newspapers.</subfield></datafield><datafield ind1=" " ind2=" " tag="752"><subfield code="a">United States</subfield><subfield code="b">New York</subfield><subfield code="c">Saratoga</subfield><subfield code="d">Mechanicville.</subfield></datafield><datafield ind1=" " ind2=" " tag="752"><subfield code="a">United States</subfield><subfield code="b">New York</subfield><subfield code="c">Saratoga</subfield><subfield code="d">Stillwater.</subfield></datafield><datafield ind1="0" ind2=" " tag="775"><subfield code="t">Daily bulletin (Mechanicville, N.Y.)</subfield><subfield code="w">(DLC)sn 92062256</subfield><subfield code="w">(OCoLC)27184471</subfield></datafield><datafield ind1="0" ind2="0" tag="780"><subfield code="t">Stillwater journal</subfield><subfield code="w">(DLC)sn 88074372</subfield></datafield><datafield ind1="1" ind2=" " tag="029"><subfield code="a">AU@</subfield><subfield code="b">000020508437</subfield></datafield></record>